@book{TheCell,
  author    = {Bruce Alberts and Rebecca Heald and Alexander Johnson and David Morgan and Martin Raff and Keith Roberts and Peter Walter},
  title     = {Molecular Biology of the Cell},
  publisher = {W. W. Norton and Company},
  year      = {2022},
  edition   = {7th}
}

@misc{websiteKey,
  author       = {Wikipedia contributors},     
  title        = {3C-like protease},
  howpublished = {\url{https://en.wikipedia.org/wiki/3C-like_protease}}, 
  year         = {2024},               
  note         = {Accessed: 2024-09-13} 
}

