@article{article,
author = {Tanikawa, Tomohiro and Omodani, Makoto and Takahashi, Yasusuke and Maeda, Shuichi},
year = {2002},
month = {11},
pages = {557-561},
title = {Basic characteristics of ball motion in a twisting ball display},
volume = {46},
journal = {NIP & Digital Fabrication Conference},
doi = {10.2352/ISSN.2169-4451.2000.16.1.art00051_1}
}