@book{

author={赵凯华 and 罗蔚茵},

year={2023},

title={新概念物理教程: 力学},

publisher={高等教育出版社},

address={北京},

edition={第3版},

isbn={9787040511499;7040511495;},

language={Chinese},

}