@book{

author={马群刚},

year={2013},

title={非主动发光平板显示技术},

publisher={电子工业出版社},

address={北京},

isbn={9787121212673;7121212676;},

language={Chinese},

}